@inproceedings{cheng2014can,
  title={Can cascades be predicted?},
  author={Cheng, Justin and Adamic, Lada and Dow, P Alex and Kleinberg, Jon Michael and Leskovec, Jure},
  booktitle={Proceedings of the 23rd international conference on World wide web},
  pages={925--936},
  year={2014},
  organization={ACM}
}
@Article{weigend1994time,
  author={Chatfield, Chris and Weigend, Andreas S.},
  title={Time series prediction: Forecasting the future and understanding the past},
  journal={International Journal of Forecasting},
  year=1994,
  volume={10},
  number={1},
  pages={161-163},
  month={June},
  abstract={No abstract is available for this item.},
}

@article{acuna2012future,
  title={Future impact: Predicting scientific success},
  author={Acuna, Daniel E and Allesina, Stefano and Kording, Konrad P},
  journal={Nature},
  volume={489},
  number={7415},
  pages={201--202},
  year={2012},
  publisher={Nature Publishing Group}
}
@article{bornmann2007we,
  title={What do we know about the h index?},
  author={Bornmann, Lutz and Daniel, Hans-Dieter},
  journal={Journal of the American Society for Information Science and technology},
  volume={58},
  number={9},
  pages={1381--1385},
  year={2007},
  publisher={Wiley Online Library}
}
@article{chamorro2003personality,
  title={Personality predicts academic performance: Evidence from two longitudinal university samples},
  author={Chamorro-Premuzic, Tomas and Furnham, Adrian},
  journal={Journal of Research in Personality},
  volume={37},
  number={4},
  pages={319--338},
  year={2003},
  publisher={Elsevier}
}
@incollection{dong2015will,
  title={Will This Paper Increase Your h-index?},
  author={Dong, Yuxiao and Johnson, Reid A and Chawla, Nitesh V},
  booktitle={Machine Learning and Knowledge Discovery in Databases},
  pages={259--263},
  year={2015},
  publisher={Springer}
}
@article{hirsch2007does,
  title={Does the h index have predictive power?},
  author={Hirsch, Jorge E},
  journal={Proceedings of the National Academy of Sciences},
  volume={104},
  number={49},
  pages={19193--19198},
  year={2007},
  publisher={National Acad Sciences}
}

@article{radicchi2008universality,
  title={Universality of citation distributions: Toward an objective measure of scientific impact},
  author={Radicchi, Filippo and Fortunato, Santo and Castellano, Claudio},
  journal={Proceedings of the National Academy of Sciences},
  volume={105},
  number={45},
  pages={17268--17272},
  year={2008},
  publisher={National Acad Sciences}
}
@article{sidiropoulos2007generalized,
  title={Generalized Hirsch h-index for disclosing latent facts in citation networks},
  author={Sidiropoulos, Antonis and Katsaros, Dimitrios and Manolopoulos, Yannis},
  journal={Scientometrics},
  volume={72},
  number={2},
  pages={253--280},
  year={2007},
  publisher={Akad{\'e}miai Kiad{\'o}, co-published with Springer Science+ Business Media BV, Formerly Kluwer Academic Publishers BV}
}
@inproceedings{yan2011citation,
  title={Citation count prediction: learning to estimate future citations for literature},
  author={Yan, Rui and Tang, Jie and Liu, Xiaobing and Shan, Dongdong and Li, Xiaoming},
  booktitle={Proceedings of the 20th ACM international conference on Information and knowledge management},
  pages={1247--1252},
  year={2011},
  organization={ACM}
}
@article{van2005fatal,
  title={Fatal attraction: Conceptual and methodological problems in the ranking of universities by bibliometric methods},
  author={Van Raan, Anthony FJ},
  journal={Scientometrics},
  volume={62},
  number={1},
  pages={133--143},
  year={2005},
  publisher={Springer}
}
@article{delgado2014google,
  title={The Google Scholar Experiment: how to index false papers and manipulate bibliometric indicators},
  author={Delgado L{\'o}pez-C{\'o}zar, Emilio and Robinson-Garc{\'\i}a, Nicol{\'a}s and Torres-Salinas, Daniel},
  journal={Journal of the Association for Information Science and Technology},
  volume={65},
  number={3},
  pages={446--454},
  year={2014},
  publisher={Wiley Online Library}
}
@article{hirsch2005index,
  title={An index to quantify an individual's scientific research output},
  author={Hirsch, Jorge E},
  journal={Proceedings of the National academy of Sciences of the United States of America},
  volume={102},
  number={46},
  pages={16569--16572},
  year={2005},
  publisher={National Acad Sciences}
}
@article{gehrke2003overview,
  title={Overview of the 2003 KDD Cup},
  author={Gehrke, Johannes and Ginsparg, Paul and Kleinberg, Jon},
  journal={ACM SIGKDD Explorations Newsletter},
  volume={5},
  number={2},
  pages={149--151},
  year={2003},
  publisher={ACM}
}
@book{breiman1984classification,
  title={Classification and regression trees},
  author={Breiman, Leo and Friedman, Jerome and Stone, Charles J and Olshen, Richard A},
  year={1984},
  publisher={CRC press}
}
@inproceedings{perlich2003aggregation,
  title={Aggregation-based feature invention and relational concept classes},
  author={Perlich, Claudia and Provost, Foster},
  booktitle={Proceedings of the ninth ACM SIGKDD international conference on Knowledge discovery and data mining},
  pages={167--176},
  year={2003},
  organization={ACM}
}
@article{van2006comparison,
  title={Comparison of the Hirsch-index with standard bibliometric indicators and with peer judgment for 147 chemistry research groups},
  author={Van Raan, Anthony FJ},
  journal={scientometrics},
  volume={67},
  number={3},
  pages={491--502},
  year={2006},
  publisher={Akad{\'e}miai Kiad{\'o}, co-published with Springer Science+ Business Media BV, Formerly Kluwer Academic Publishers BV}
}
@article{glanzel2006h,
  title={On the h-index-A mathematical approach to a new measure of publication activity and citation impact},
  author={Gl{\"a}nzel, Wolfgang},
  journal={Scientometrics},
  volume={67},
  number={2},
  pages={315--321},
  year={2006},
  publisher={Akad{\'e}miai Kiad{\'o}, co-published with Springer Science+ Business Media BV, Formerly Kluwer Academic Publishers BV}
}
@article{glanzel2006opportunities,
  title={On the opportunities and limitations of the H-index},
  author={Gl{\"a}nzel, Wolfgang},
  journal={Science focus},
  year={2006},
  publisher={Library of Chinese Academy of Sciences}
}
@inproceedings{dietterich2000ensemble,
  title={Ensemble methods in machine learning},
  author={Dietterich, Thomas G},
  booktitle={International workshop on multiple classifier systems},
  pages={1--15},
  year={2000},
  organization={Springer}
}
@article{friedman2002stochastic,
  title={Stochastic gradient boosting},
  author={Friedman, Jerome H},
  journal={Computational Statistics \& Data Analysis},
  volume={38},
  number={4},
  pages={367--378},
  year={2002},
  publisher={Elsevier}
}
@article{tibshirani1996regression,
  title={Regression shrinkage and selection via the lasso},
  author={Tibshirani, Robert},
  journal={Journal of the Royal Statistical Society. Series B (Methodological)},
  pages={267--288},
  year={1996},
  publisher={JSTOR}
}
@book{mohri2012foundations,
  title={Foundations of machine learning},
  author={Mohri, Mehryar and Rostamizadeh, Afshin and Talwalkar, Ameet},
  year={2012},
  publisher={MIT press}
}